@misc{test1,
    Title = {},
    author = {},
    year ={},
    url = {}
}