@misc{rick_roll,
    Title = {Rick Astley - Never Gonna Give You Up (Official Music Video)},
    author = {Rick Astley},
    year ={2010},
    url = {https://www.youtube.com/watch?v=dQw4w9WgXcQ}
}